
# 6
@article{bib1,
	title = {An efficient artificial intelligence model for prediction of tropical storm surge},
	author = {Reza Hashemi and Malcolm L. Spaulding and Alex Shaw and Hamed Farhadi and Matt Lewis},
	publisher = {Springer Science+Business Media Dordrecht},
	doi = {10.1007/s11069-016-2193-4},
	year = {2016},
}

# 7
@article{bib2,
	title = {Stormcast - A Distributed Artificial Intelligence Application for Severe Storm Forecasting},
	author = {G. Hartvigsen and D. Johansen},
	publisher = {ScienceDirect},
	year = {2017},
}

# 8
@article{bib3,
	title = {Complex hybrid models combining deterministic and machine learning components for numerical climate modeling and weather prediction},
	author = {Vladimir M. Krasnopolsky and Michael S. Fox-Rabinovitz},
	publisher = {ScienceDirect},
	doi = {10.1016/j.neunet.2006.01.002},
	year = {2006},
}

# 9
@article{bib4,
	title = {Can deep learning beat numerical weather prediction?},
	author = {M. G. Schultz and C. Betancourt and B. Gong and F. Kleinert and M. Langguth and L. H. Leufen and A. Mozaffari and S. Stadtler},
	publisher = {The Royal Society Publishing},
	doi = {10.1098/rsta.2020.0097},
	year = {2021},
}

# 10
@article{bib5,
	title = {Temporal convolutional neural (TCN) network for an effective weather forecasting using time-series data from the local weather station},
	author = {Pradeep Hewage and Ardhendu Behera and Marcello Trovati and Ella Pereira and Morteza Ghahremani and Francesco Palmieri and Yonghuai Liu},
	publisher = {SpringerLink},
	doi = {10.1007/s00500-020-04954-0},
	year = {2020},
}

# 11
@article{bib6,
	title = {Storm-Based Probabilistic Hail Forecasting with Machine Learning Applied to Convection-Allowing Ensembles},
	author = {Gagne and David John and McGovern and Amy and Haupt and Sue Ellen and Sobash and Ryan A. and Williams and John K. and Xue and Ming},
	publisher = {American Meteorological Society Journals},
	doi = {10.1175/WAF-D-17-0010.1},
	year = {2017},
}

# 12
@article{bib7,
	title = {The quiet revolution of numerical weather prediction},
	author = {P. Bauer and A. Thorpe and G. Brunet},
	publisher = {American Meteorological Society},
	DOI = {10.1175/WAF-D-17-0010.1},
	year = {2015},
}

# 13
@article{bib8,
	title = {Deep Learning-Based Weather Prediction: A Survey},
	author = {Xiaoli Ren and Xiaoyong Li and Kaijun Ren and Junqiang Song and Zichen Xu and Kefeng and Deng and Xiang Wang},
	publisher = {Elseveier, big data research},
	doi = {10.1016/j.bdr.2020.100178},
	year = {2020},
}

# 14
@proceedings{bib9,
	title = {Going deeper with convolutions},
	author = {C. Szegedy and W. liu and Y and Jia and p. Semanet and S. Reed and D. Anguelov and D. Ehan and V. Vanhoucke and A. Rabinovich},
	publisher = {IEEE conference on Computer Vision and Pattern Recognition},
	year = {2015},
}

# 15
@conference{bib10,
	title = {Short-term prediction of Lightning in Southern Africa using Autoreggressive Machine learning Techniques},
	author = {Yaseen Essa and Hugh G.P. Hunt and Ritesh Ajoodha},
	publisher = {2021 IEEE International IOT Electronics and Mechatronics Conference},
	doi = {10.1109/IEMTRONICS52119.2021.9422493},
	year = {2021},
}

@online{about-smhi,
	title = {About SMHI},
	url = {https://www.smhi.se/en/about-smhi},
	date = {2023-09-10},
}

@online{data-light,
	title = {SMHI Lightning Archive},
	url = {https://www.smhi.se/data/utforskaren-oppna-data/blixtdata-historiska-arkivdata},
	date = {2023-09-10},
}

@online{data-mesan,
	title = {SMHI Historical Meteorological Data},
	url = {https://www.smhi.se/data/utforskaren-oppna-data/meteorologisk-analysmodell-mesan-arome-historiska-analysdata},
	date = {2023-09-11},
}

@online{mesan-params,
	title = {Parameter Description for the MESAN dataset},
	url = {https://www.smhi.se/polopoly_fs/1.143032!/Table_with_all_params_20180918.xlsx},
	date = {2023-09-11},
}

@online{smhi-grib,
	title = {SMHI GRIB format},
	url = {https://www.smhi.se/data/oppna-data/information-om-oppna-data/grib-format-1.30761},
	date = {2023-09-11},
}

@article{chisquare,
	title = {X. On the criterion that a given system of deviations from the probable in the case of a correlated system of variables is such that it can be reasonably supposed to have arisen from random sampling},
	author = {Karl Pearson},
	publisher = {Taylor \& Francis},
	doi = {10.1080/14786440009463897},
	year = {1900},
}

@article{balanced-data,
	title = {Downsampling for Binary Classification with a Highly Imbalanced Dataset Using Active Learning},
	author = {Wonjae Lee and Kangwon Seo},
	publisher = {Elsevier Inc.},
	doi = {10.1016/j.bdr.2022.100314},
	year = {2022},
}

@article{data-quality,
	title = {A Data Quality-Driven View of MLOps},
	author = {Cedric Renggli and Luka Rimanic and Nezihe Merve Gurel and Bojan Karlas and Wentao Wu and Ce Zhang and ETH Zurich},
	publisher = {Microsoft Research},
	doi = {10.48550/arXiv.2102.07750},
	year = {2021},
}

@book{tidy-data,
	title = {R for Data Science: Import, Tidy, Transform, Visualize, and Model Data},
	author = {Garrett Grolemund and Hadley Wickham},
	publisher = {O'Reilly Media},
	date = {2017-01-31},
	isbn = {978-1491910399},
}

@conference{genetic-algorithms,
	title = {Hyperparameter Optimization: Comparing Genetic Algorithm against Grid Search and Bayesian Optimization},
	author = {Hussain Alibrahim and Simone A. Ludwig},
	publisher = {2021 IEEE Congress on Evolutionary Computation (CEC)},
	doi = {10.1109/CEC45853.2021.9504761},
	date = {2021-07-21},
}

@article{model-gru,
	title = {Learning Phrase Representations using RNN Encoder–Decoder for Statistical Machine Translation},
	author = {Kyunghyun Cho and Bart van Merrienboer and Caglar Gulcehre and Dzmitry Bahdanau and Fethi Bougares and Holger Schwenk and Yoshua Bengio},
	publisher = {arXiv},
	doi = {10.48550/arXiv.1406.1078},
	date = {2014-09-03},
}
 
@article{gru-lstm-performance,
	title = {On Extended Long Short-term Memory and Dependent Bidirectional Recurrent Neural Network},
	author = {Yuanhang Su and C. Jay Kuo},
	publisher = {ScienceDirect},
	doi = {10.1016/j.neucom.2019.04.044},
	date = {2019-04-25},
}

@article{rnn-vanishing-gradient,
	title = {Untersuchungen zu dynamischen neuronalen Netzen},
	author = {Hochreiter and Sepp},
	publisher = {Technical University Munich, Institute of Computer Science},
	year = {1991},
}

@article{topology-effect,
	title = {A Tutorial on Lateral Boundary Conditions as a Basic and Potentially Serious Limitation to Regional Numerical Weather Prediction},
	author = {Thomas T. Warner and Ralph A. Peterson and Russell E. Treadon},
	publisher = {American Meteorological Society},
	year = {1997-02-10},
}

@article{shapiro-test,
	title = {An analysis of variance test for normality (complete samples)},
	author = {Shapiro, S. S. and Wilk, M. B.},
	publisher = {Biometrika},
	doi = {10.1093/biomet/52.3-4.591},
	year = {1965},
}

@article{pca-performance,
	title = {The Effect of Principal Component Analysis on Machine Learning Accuracy with High Dimensional Spectral Data},
    author = {Tom Howley and Michael G. Madden and Marie-Louise O’Connell and Alan G. Ryder},
	publisher = {Springer, London},
	doi = {10.1007/1-84628-224-1_16},
	year = {2006},
}

@article{s40,
	title = {Object Recognition with Gradient-Based Learning},
	author = {LeCun Y and  Haffner P and  Bottou L and Bengio Y},
	publisher = {Springer},
	doi = {10.1007/3-540-46805-6_19},
	year = {1999},
}

@article{s43,
	title = {Long short-term memory},
	author = {Hochreiter S and Schmidhuber J},
	publisher = {Neural Comput},
	doi = {10.1162/neco.1997.9.8.1735},
	year = {1997},
}

@conference{s44,
	title = {Recurrent nets that time and count},
	author = {Gers FA and Schmidhuber J},
	publisher = {Joint Conference on Neural Networks},
	doi = {10.1109/IJCNN.2000.861302},
	year = {2000},
}

@article{s45,
	title = {Empirical evaluation of gated recurrent neural networks on sequence modeling},
	author = {Chung J and Gülçehre Ç and Cho K and Bengio Y},
	publisher = {arxiv.org},
	url = {http://arxiv.org/abs/1412.3555},
	year = {2014},
}

@article{s47,
	title = {Auto-Encoding Variational Bayes},
	author = {Kingma DP and Welling M},
	url = {http://arxiv.org/abs/1312.6114},
	year = {2014},
}

@article{s48,
	title = {Generative adversarial nets},
	author = {Goodfellow I and Pouget-Abadie J and Mirza M and Xu B and Warde-Farley D and Ozair S and Courville A and Bengio Y},
	publisher = {Curran Associates, Inc},
	year = {2014},
}

@conference{evaluation-metrics,
	title = {Evaluating Forecasting Methods by Considering Different Accuracy Measures},
	author = {Nijat Mehdiyeva and David Enkec and Peter Fettkea and Peter Loosa},
	publisher = {Complex Adaptive Systems, Publication 6},
	year = {2016},
}

@online{whisper-generalization,
	url = {https://techcrunch.com/2022/09/21/openai-open-sources-whisper-a-multilingual-speech-recognition-system/},
	title = {OpenAI open-sources Whisper, a multilingual speech recognition system},
	author = {Kyle Wiggers},
	publisher = {TechCrunch},
	date = {2023-02-12},
}

@online{fig-srnn,
	url = {https://en.wikipedia.org/wiki/File:Recurrent_neural_network_unfold.svg},
	title = {Recurrent neural network unfold},
	author = {fdeloche},
	publisher = {Wikipedia},
	date = {2017-06-19},
	note = {Accessed 2024-07-10},
}

@online{fig-lstm,
	url = {https://en.wikipedia.org/wiki/File:Long_Short-Term_Memory.svg},
	title = {Long Short-Term Memory},
	author = {fdeloche},
	publisher = {Wikipedia},
	date = {2017-06-20},
	note = {Accessed 2024-07-10},
}

@online{fig-gru,
	url = {https://en.wikipedia.org/wiki/File:Gated_Recurrent_Unit.svg},
	title = {Gated Recurrent Unit},
	author = {fdeloche},
	publisher = {Wikipedia},
	date = {2017-06-28},
	note = {Accessed 2024-07-10},
}

@article{new1,
	title = {An application of deep learning for lightning prediction in East Coast Malaysia},
	author = {Mohd Herwan Sulaiman and Amir Izzani Mohamed and Zuriani Mustaffa},
	publisher = {Elsevier},
	doi = {10.1016/j.prime.2023.100340},
	year = {2023},
}

@article{new2,
	title = {A LSTM Recurrent Neural Network for Lightning Flash Prediction within Southern Africa using Historical Time-series Data},
	author = {Yaseen Essa and Ritesh Ajoodha and Hugh G.P. Hunt},
	publisher = {IEEE},
	doi = {10.1109/CSDE50874.2020.9411544},
	year = {2021},
}

@article{new3,
	title = {An Artificial Neural Network for Lightning Prediction Based on Atmospheric Electric Field Observations},
	author = {Riyang Bao and Yaping Zhang and Benedict J. Ma and Zhuoyu Zhang and Zhenghao He},
	publisher = {Remote Sensing},
	doi = {10.3390/rs14174131},
	year = {2022},
}

@article{new4,
	title = {Feature selection with neural networks},
	author = {A. Verikas and M. Bacauskiene },
	publisher = {Elsevier},
	doi = {10.1016/S0167-8655(02)00081-8},
	year = {2002},
}

@article{new5,
	title = {A Survey of Deep Learning-Based Lightning Prediction},
	author = {Xupeng Wang and Keyong Hu and Yongling Wu and Wei Zhou},
	publisher = {Atmosphere},
	doi = {10.3390/atmos14111698},
	year = {2023},
}

@article{new6,
	title = {Hyper-Parameter Optimization: A Review of Algorithms and Applications},
	author = {Tong Yu and Hong Zhu},
	publisher = {ArXiv},
	doi = {10.48550/arXiv.2003.05689},
	year = {2020},
}

@article{new7,
	title = {Time series forecasting using artificial neural networks methodologies: A systematic review},
	author = {Ahmed Tealab},
	publisher = {ScienceDirect},
	doi = {10.1016/j.fcij.2018.10.003},
	year = {2018},
}

@book{new8,
	title = {Recurrent Neural Networks: Design and Applications},
	author = {L.R. Medsker and L.C. Jain},
	publisher = {CRC Press},
	year = {2001},
}

